3092 4942
980 455 1058 500 20
1315 455 1621 502 IOANNAE
1687 455 1985 504 DARCIAE
2052 457 2433 506 lvmcmu.

975 569 1615 662 transmiserunt,
1674 571 1741 648 ἃ
1790 596 1982 674 quos
2025 573 2407 651 antedicti
2450 583 2765 676 promo-

972 702 1126 786 tor,
1162 694 1229 771 ἃ
1258 703 1561 772 actores
1600 695 2194 799 impugnarunt
2230 707 2581 800 tanquan
2615 699 2763 777 ini-

969 843 1196 920 quos,
1253 819 1557 924 falsos,
1620 820 1687 897 ἃ
1743 824 1790 897 ὰ
1846 821 2086 899 dictis
2141 823 2763 928 confessionibus

968 942 1294 1040 alienos,
1319 944 1386 1021 ἃ
1403 945 1763 1022 mendose
1785 945 2156 1048 confictos
2174 947 2756 1050 multipliciter.

963 1065 1132 1144 DE
1170 1067 1398 1145 DEI
1432 1068 1654 1145 vultu
1684 1077 2043 1147 nostrum
2067 1080 2410 1174 praesens
2428 1073 2765 1174 prodeat

966 1189 1400 1284 iudicium,
1441 1193 1585 1294 qui
1622 1193 2058 1297 spirituum
2089 1197 2585 1296 ponderator
2624 1204 2751 1292 est,

963 1315 1030 1392 ἃ
1071 1315 1292 1393 solus
1337 1317 1924 1396 reuelationum
1977 1343 2313 1397 suarum
2362 1321 2759 1423 perfectus

961 1448 1072 1517 est
1099 1440 1507 1540 cognitor,
1543 1442 1611 1518 ἃ
1640 1441 2049 1520 indicator
2084 1443 2575 1540 verissimuS,
2623 1443 2760 1546 qui

957 1563 1100 1643 vbi
1151 1565 1356 1664 vult,
1411 1566 1707 1668 spirat,
1753 1567 1820 1644 ἃ
1864 1569 2325 1669 quandoque
2340 1594 2370 1665 ‚·
2424 1567 2757 1670 infirma

960 1688 1236 1789 eligit,
1281 1699 1369 1768 vt
1396 1691 1677 1794 fortia
1724 1716 2075 1794 quaeque5
2122 1693 2563 1798 confundat
2604 1717 2758 1770 non

959 1815 1314 1891 deserens
1367 1823 1755 1918 sperentes
1801 1817 1890 1893 in
1932 1843 2032 1913 se,
2086 1819 2224 1894 sed
2270 1816 2601 1894 adiutor
2644 1843 2757 1894 eo-

957 1964 1143 2016 rum
1187 1937 1275 2015 in
1321 1941 2070 2041 opportunitatibuS,
2110 1941 2177 2018 ἃ
2205 1941 2749 2019 tribulatione.

957 2061 1260 2140 Habita
1317 2072 1643 2141 matura
1689 2064 2256 2143 deliberatione
2312 2075 2475 2144 tam
2538 2066 2754 2143 circa

948 2189 1585 2290 praeparatoria,
1669 2192 1905 2290 quam
1981 2191 2199 2267 circa
2283 2189 2752 2267 decisionem

959 2336 1238 2408 causae,
1295 2337 1470 2388 cum
1507 2313 1800 2416 peritis
1838 2313 2187 2415 pariter,
2243 2314 2310 2391 ἃ
2350 2313 2746 2417 probatis,

957 2461 1048 2513 ac
1083 2437 1489 2515 timoratis
1519 2438 1747 2515 viris.
1869 2438 2264 2541 Visisque,·
2298 2439 2752 2517 solennibus

955 2585 1231 2638 eorum
1277 2561 2073 2640 determinationibus
2124 2572 2286 2641 tam
2338 2563 2426 2640 in
2473 2571 2754 2641 tracta-

958 2685 1167 2762 tibus
1218 2710 1526 2785 magna
1576 2711 1751 2763 cum
1801 2687 2299 2765 reuolutione
2350 2688 2751 2765 librorum

955 2809 1225 2900 editis,
1267 2809 1334 2886 ἃ
1370 2811 1931 2912 compositione
1977 2812 2458 2908 multorum;
2507 2812 2749 2888 Visis-

956 2958 1146 3034 que‚·
1202 2935 1713 3036 opinionibus
1784 2935 2024 3013 verbo
2088 2936 2409 3038 pariter
2480 2944 2707 3038 atque
2722 2962 2750 3032 ,·

953 3057 1251 3159 scripto
1313 3068 1478 3135 tam
1539 3067 1778 3159 super
1823 3059 2155 3162 forma,
2218 3064 2455 3162 quam
2514 3070 2754 3162 super

957 3182 1299 3260 materia
1323 3184 1660 3286 praefati
1682 3190 2093 3283 processus
2123 3184 2479 3276 traditis,
2524 3194 2752 3286 atque

957 3306 1194 3399 datis,
1233 3307 1515 3409 quibus
1537 3308 1774 3411 sacta
1804 3309 2029 3385 dictae
2058 3309 2442 3412 defunctae
2471 3309 2751 3408 magis

957 3431 1518 3524 admiratione,
1555 3436 1791 3534 quam
1822 3432 2463 3510 condemnatione
2483 3433 2747 3532 digna

956 3556 1421 3634 existimant
1446 3558 2081 3659 reprobatorum,
2108 3557 2173 3633 ἐξ*
2202 3566 2480 3635 contra
2508 3559 2749 3635 deter-

957 3681 1350 3758 minatum
1389 3692 1665 3759 contra
1702 3707 1871 3760 eam
1913 3683 2184 3760 datum
2222 3680 2646 3775 iudicium,
2682 3681 2751 3760 ἃ
