3092 4942
891 523 2681 746 iffi&}‡{‡{ss{‡{ss}ss}ss{‡}ss{‡}ffi

905 1068 1705 1157 IOANNAE
1914 1063 2685 1152 DARCIAE

930 1261 1764 1328 OBSIDIONIS
1852 1260 2669 1327 AVRELIANAE

1082 1449 1921 1502 LIBERATRICIS
1986 1447 2527 1501 IVDICIVM

934 1712 1021 1775 ξς·
1209 1682 1297 1760 Ν
1358 1683 1677 1759 nomine
1740 1689 2058 1776 sanctae,
2124 1681 2190 1756 8
2251 1679 2699 1757 indiuiduae

938 1774 1013 1877 ἰξῖζς
1213 1779 1632 1874 trinitatiS,
1675 1778 1999 1874 Patris,
2047 1779 2113 1854 8
2153 1777 2406 1873 Filii,
2447 1778 2513 1853 8
2542 1776 2698 1880 spi-

948 1874 1157 1939 <»„2³=22;
1209 1877 1422 1954 ritus
1449 1876 1731 1953 sancti.
1932 1876 2223 1952 Amen.

908 2144 1016 2222 AE
1056 2143 1127 2219 T
1155 2143 1231 2218 E
1268 2143 1340 2218 R
1376 2142 1464 2220 N
1494 2143 1604 2220 AE
1680 2142 2121 2218 maiestatis
2182 2140 2704 2244 prouidentia

909 2269 1226 2346 salutor
1286 2267 1885 2346 CHRISTVS
1938 2266 2341 2362 dominus,
2400 2266 2591 2342 deus
2636 2267 2704 2342 8·

914 2395 1180 2489 homo,
1208 2391 1514 2468 beatum
1545 2391 1878 2468 Petrum
1898 2451 1915 2483 ,
1944 2393 2009 2468 8
2038 2389 2512 2494 apostolicos
2536 2416 2705 2468 suc-

913 2541 1248 2594 cessores
1289 2517 1396 2594 ad
1435 2541 1596 2593 suae
1636 2516 2070 2594 militantis
2111 2515 2448 2593 ecclesiae
2486 2517 2708 2616 regi-

916 2666 1092 2718 men
1127 2641 1481 2718 instituit
1517 2641 2043 2743 speculatores
2062 2640 2530 2742 praecipuos,
2568 2642 2711 2742 qui

917 2768 1087 2844 luce
1121 2765 1494 2844 veritatis
1523 2773 1819 2867 aperta,
1865 2764 2192 2841 iustitiae
2226 2766 2549 2843 semitas
2589 2767 2709 2844 in-

917 2891 1181 2968 cedere
1254 2891 1655 2981 docerent,
1733 2889 2153 2967 vniuersos
2236 2891 2475 2968 bonos
2548 2917 2709 2968 am-

909 3015 1340 3119 plexantes,
1391 3015 1828 3092 releuantes
1874 3025 2299 3119 oppressos,
2361 3019 2429 3094 8·
2478 3017 2711 3094 decli-

919 3147 1191 3217 nantes
1239 3140 1346 3216 ad
1391 3140 1665 3237 deuia,
1709 3147 1858 3240 per
1914 3140 2310 3217 iudicium
2360 3141 2712 3219 rationis

920 3264 1368 3340 reducentes
1436 3264 1542 3340 ad
1611 3264 1794 3342 vias
1865 3273 2141 3342 rectas,
2211 3265 2387 3342 Hac
2451 3275 2712 3345 autem

921 3387 1396 3467 auctoritate
1435 3390 1877 3493 fungentes
1930 3389 2018 3466 in
2065 3391 2208 3468 hac
2244 3400 2520 3493 parte,
2573 3415 2714 3467 nos

920 3511 1303 3588 Iohannes
1332 3511 1737 3589 Remensis
1760 3573 1776 3602 ,
1818 3511 2266 3590 Gulielmus
2304 3513 2715 3590 Parisien-

920 3635 1069 3725 sis,
1121 3634 1577 3713 Richardus
1622 3636 2247 3715 Constantiensis
2288 3639 2712 3741 archiepis-

924 3768 1184 3867 copus,
1220 3762 1288 3837 8·
1319 3761 1663 3867 episcopi
1694 3787 1839 3844 :ac
1869 3763 2255 3844 Iohannes
2291 3763 2594 3844 Brehal
2621 3765 2713 3844 de
