3092 4942
907 563 976 610 10
1241 563 1544 610 IOANNAE
1610 563 1907 608 DARCIAE
1947 563 2320 608 IVDICIVM.

897 678 1182 756 ordine
1243 679 1620 782 fratrum
1687 676 2311 780 praedicatorum
2332 735 2352 772 ,
2440 701 2684 755 sacrae

900 801 1323 900 theologiae
1353 803 1795 906 professor,
1840 801 2213 877 haereticae
2248 801 2683 902 prauitatis

901 924 988 1001 in
1020 949 1280 1024 regno
1313 925 1686 1003 Franciae
1726 926 1931 1002 alter
1970 925 2426 1026 inquisitor,
2476 926 2682 1002 iudi-

899 1074 1016 1125 ces
1077 1053 1125 1126 a
1185 1049 1689 1126 sanctissimo
1756 1049 2081 1127 domino
2146 1058 2417 1126 nostro
2470 1059 2682 1152 papa

900 1174 1276 1250 moderno
1315 1172 1768 1276 specialiter
1803 1173 2183 1272 delegati.
2234 1171 2468 1251 VISO
2498 1183 2682 1276 pro-

899 1320 1111 1373 cessu
1149 1321 1424 1374 coram
1470 1297 1697 1374 nobis
1742 1297 2175 1375 solenniter
2226 1298 2545 1396 agitato
2598 1297 2685 1374 in

895 1421 1067 1498 vim
1105 1423 1442 1522 suscepti
1466 1432 1618 1524 per
1653 1447 1794 1499 nos
1831 1431 2283 1499 reuerenter
2323 1423 2687 1498 mandati
3070 1408 3077 1507 1

895 1546 1354 1648 Apostolici
1376 1547 1601 1623 nobis
1623 1547 1913 1623 directi
1929 1556 2085 1648 pro
2106 1555 2337 1648 parte
2356 1547 2684 1622 honestae
3070 1576 3077 1647 Ι

895 1671 1160 1748 viduae
1194 1670 1774 1748 ISABELLAE
1804 1669 2107 1748 DARC
2135 1669 2335 1747 olim
2365 1671 2680 1766 matris,

898 1820 990 1872 ac
1025 1794 1260 1872 Petri
1289 1796 1354 1870 ἃ
1384 1795 1712 1872 Ioannis
1742 1795 2141 1871 dictorum
2168 1794 2479 1872 DARC
2499 1796 2687 1899 fra-

900 1929 1117 1996 trum
1155 1933 1765 2019 germanorum,
1812 1919 2316 1995 naturalium
2366 1920 2432 1994 ἐξ
2480 1918 2684 2018 legi-

898 2045 1284 2122 timorum
1361 2044 1576 2120 bonae
1650 2041 2054 2120 memoriae
2125 2043 2172 2119 I
2187 2041 2470 2121 OAN
2480 2043 2570 2121 N
2580 2044 2687 2120 AE

895 2171 1167 2246 DAR
1194 2169 1300 2260 C,
1382 2167 1856 2266 vulgariter
1931 2169 2155 2244 dictae
2240 2168 2407 2244 LA
2489 2168 2686 2246 PU-

787 2381 794 2385 ,
903 2294 1323 2373 CELLE
1363 2294 1780 2395 defunctae,
1824 2318 2356 2395 suorumque,·
2403 2303 2687 2395 paren-

895 2428 1063 2496 tum
1089 2417 1547 2494 nominibus
1568 2427 1966 2512 actorum,·
1996 2417 2299 2496 Contra
2322 2418 2390 2494 θ’
2410 2420 2687 2495 aduer-

895 2567 1028 2618 sus
1071 2541 1777 2642 subinquisitorem
1822 2541 2196 2617 haereticae
2242 2541 2690 2643 prauitatis

900 2666 986 2744 in
1030 2665 1328 2743 diocesi
1366 2665 1841 2742 Beluacensi
1880 2666 2438 2763 constitu'tum,·
2489 2666 2689 2744 Con-

899 2803 1029 2870 tra
1090 2802 1632 2894 promotorem
1702 2791 2229 2891 negociorum
2305 2791 2687 2870 crimina-

901 2917 1102 2994 lium
1149 2917 1638 3020 episcopalis
1667 2917 1913 2994 curiae
1958 2917 2497 3014 Beluacensis‚
2555 2941 2689 2994 nec

899 3068 1058 3120 non
1105 3052 1378 3120 contra
1425 3044 1948 3119 reuerendum
1996 3043 2081 3118 in
2128 3041 2509 3120 CHRIS
2535 3041 2685 3121 TO

889 3176 1202 3270 patrem
1235 3167 1645 3244 dominum
1675 3165 2168 3244 Gulielmum
2190 3168 2282 3244 de
2300 3166 2691 3244 Hellenda

857 3278 861 3283 ’
899 3293 1342 3395 episcopum
1369 3293 1957 3382 Beluacensem,
1994 3299 2486 3393 caeterosque5
2520 3291 2693 3369 vni-

903 3442 1171 3496 uersos
1209 3419 1275 3494 ἃ
1317 3417 1695 3516 singulos
1730 3440 1880 3494 sua
1920 3415 2009 3491 in
2054 3415 2196 3492 hac
2223 3422 2455 3516 parte
2500 3413 2688 3490 inte-

901 3567 1108 3620 resse
1179 3542 1567 3618 credentes
1658 3537 2082 3642 respectiue
2103 3598 2122 3633 ,
2206 3537 2689 3617 coniunctim
3068 3395 3077 3698 Ι

903 3671 1142 3770 quam
1195 3666 1534 3744 diuisim
1590 3691 1789 3743 reos,
1857 3664 2049 3741 Visa
2108 3663 2517 3765 imprimis
2562 3671 2689 3764 pe·
3068 3719 3077 3994 1

904 3792 1342 3892 remptoria
1380 3790 1829 3869 euocatione
1853 3850 1869 3879 ‚
1906 3790 1974 3866 ἃ
2010 3789 2461 3866 executione
2486 3786 2687 3863 eius—
