3092 4942
902 496 974 562 18
1239 513 1546 560 mamm
1603 513 1901 560 muzone
1957 513 2333 559 1vmc1vm.

895 628 1230 706 litteras.
1333 628 1913 731 Depositiones,
1945 629 2013 704 ἐξ»
2040 629 2567 706 attestationes
2596 631 2684 706 in

892 753 1234 830 termino
1273 753 1381 829 ad
1413 751 1992 854 procedendum
2032 752 2363 831 traditis
2404 755 2473 830 6}
2499 763 2683 855 pro-

892 876 1185 973 ductis,
1250 877 1971 980 praeclusioneque,·
2024 877 2343 954 dicendi
2409 887 2684 955 contra

894 1001 1356 1078 huiusmodi
1391 1003 1785 1104 producta
1838 1023 1863 1076 .·
1911 1001 2359 1103 Nostroque
2409 1001 2687 1079 deinde

893 1125 1172 1202 audito
1263 1133 1769 1226 promotore,
1868 1125 2011 1230 qui
2102 1125 2295 1204 visis
2396 1127 2683 1203 eisdem

883 1250 1299 1350 productis
1371 1251 1610 1327 dictis
1681 1249 2119 1342 actoribus,
2184 1251 2548 1353 plenarie
2608 1277 2685 1327 se

891 1373 1298 1467 adiunxit,
1333 1400 1424 1455 ac
1446 1383 1629 1476 pro,
1656 1375 1723 1454 ἃ
1748 1376 2066 1468 nomine
2098 1375 2369 1478 officii
2397 1376 2683 1467 nostri,

881 1499 1231 1602 praefata
1299 1500 1575 1576 omnia
1644 1501 1811 1577 iam
1868 1501 2263 1602 producta
2319 1510 2475 1602 pro
2540 1523 2688 1576 sua

880 1631 1114 1725 parte
1157 1625 1660 1724 reproduxit,
1724 1626 1831 1704 ad
1861 1625 2073 1728 fines
2130 1625 2217 1702 in
2260 1624 2689 1725 scripturis

891 1748 1290 1825 dictorum
1331 1758 1691 1826 actorum
1734 1750 1899 1826 iam
1940 1749 2331 1852 expressis
2359 1749 2503 1824 suh
2532 1772 2687 1824 cer-

893 1873 998 1948 tis
1044 1873 1773 1973 protestationibus,
1840 1874 2181 1975 aliisque
2195 1900 2222 1969 ;
2280 1873 2681 1975 requestiS,

893 1998 959 2073 8»
994 1997 1675 2084 reseruationibus
1703 2007 1858 2100 pro
1886 2007 2118 2099 parte
2145 2023 2318 2090 sua,
2356 1999 2421 2074 8·
2449 1998 2688 2074 dicto-

891 2147 1077 2199 rum
1119 2131 1479 2200 actorum
1503 2123 1787 2226 factiS,
1826 2123 1892 2198 ἃ
1916 2133 2065 2225 per
2100 2149 2242 2199 nos
2282 2123 2681 2214 admissis,

891 2249 1052 2324 vna
1109 2272 1284 2323 cum
1349 2247 1821 2350 quibusdam
1893 2247 2222 2325 motiuis
2281 2247 2492 2324 iuris
2545 2247 2689 2324 sub

894 2369 1265 2447 breuibus
1328 2371 1755 2474 scripturis
1812 2371 2261 2452 valentibus
2328 2371 2688 2450 animum

891 2503 1252 2574 nostrum
1293 2497 1705 2573 aduertere
1727 2505 1874 2598 per
1907 2522 2047 2574 nos
2077 2497 2406 2599 receptis
2416 2523 2444 2592 ,·
2474 2497 2693 2573 Post-

893 2645 1075 2721 que,·
1110 2619 1196 2697 in
1232 2620 1544 2698 Christi
1571 2620 1887 2698 nomine
1920 2621 2007 2696 in
2036 2646 2274 2698 causa
2294 2622 2685 2712 concluso,

895 2745 962 2826 6²
1008 2745 1136 2823 die
1192 2744 1579 2822 hodierno
1632 2746 1737 2822 ad
1786 2745 2269 2824 audiendum
2332 2752 2686 2824 nostram

892 2867 1354 2946 sententiam
1406 2869 1873 2968 assignato,·
1932 2870 2127 2947 visis
2188 2873 2689 2972 mature'que;

898 2993 1324 3084 reuolutis,
1359 2994 1427 3070 θ’
1454 2994 1772 3071 attentis
1800 2995 2201 3086 omnibus,
2234 2995 2303 3070 θ’
2326 2992 2691 3092 singulis

897 3117 1264 3217 superius
1315 3119 1726 3219 expressis,
1780 3123 1941 3196 vna
1989 3144 2166 3195 cum
2214 3119 2449 3195 certis
2495 3117 2689 3194 arti-

901 3240 1106 3317 culis
1127 3241 1708 3343 incipientibus,
1738 3243 2115 3344 Quaedam
2138 3243 2474 3340 foemina,
2500 3265 2695 3344 quos

891 3373 1072 3466 post
1109 3365 1410 3442 dictum
1449 3367 1809 3468 primum
1840 3377 2291 3469 processum
2343 3366 2695 3444 iudican-

900 3498 1008 3566 tes
1049 3492 1635 3592 praetenderunt
1688 3500 2081 3568 extractos
2120 3491 2319 3596 fore
2372 3517 2472 3569 ex
2528 3513 2696 3568 con-

893 3613 1380 3715 fessionibus
1421 3615 1647 3694 dictae
1689 3617 2103 3728 defunctae,
2148 3617 2215 3692 ἃ
2256 3620 2495 3718 quam
2522 3616 2699 3718 plu-

896 3738 1156 3816 rimas
1217 3740 1569 3820 solennes
1616 3749 1996 3841 personas
2046 3741 2155 3818 ad
2203 3741 2693 3843 opinandum
