3092 4942
863 507 934 570 16
1189 523 1490 571 mimum
1558 522 1855 568 nauem:
1922 523 2298 568 1vmc1vn.

855 636 1470 740 &practicorum
1483 637 1955 732 solennium,
1974 637 2643 739 &probatissimo-

854 786 1062 856 rum,
1102 763 1245 865 qui
1273 761 1539 852 libris,
1580 762 1649 838 ἃ
1680 760 2230 839 instrumentis
2266 761 2645 840 antedicti

844 895 1256 987 processus
1285 887 1390 962 ad
1417 886 1761 985 longum
1787 884 2176 980 visitatis,
2216 884 2460 962 dubia
2488 884 2645 962 elu-

853 1010 1199 1089 cidanda
1233 1013 1667 1108 duxerunt,
1714 1012 1782 1088 6}
1810 1021 1973 1088 tam
2012 1036 2111 1088 ex
2150 1009 2499 1088 eiusdem
2534 1035 2646 1087 re-

853 1135 1422 1214 uerendissimi
1433 1136 1702 1239 patris
1722 1137 2256 1227 ordinatione,
2282 1136 2349 1212 f}
2369 1143 2643 1213 nostra

852 1257 1124 1351 editis,
1175 1259 1241 1338 6}
1287 1258 1741 1363 compositis
1787 1285 1812 1334 .·
1861 1257 2225 1361 Visisque
2269 1258 2644 1337 articulis

854 1381 923 1458 ἃ
964 1381 1637 1483 interrogatoriis
1674 1383 2047 1488 praefatis
2082 1393 2238 1486 pro
2267 1390 2499 1486 parte
2526 1406 2645 1460 ac-

854 1517 1122 1585 torum
1142 1568 1161 1600 ‚
1211 1510 1276 1584 6}
1302 1509 1799 1612 promotoris
1847 1507 2073 1587 nobis
2104 1507 2633 1610 praesentatis,

854 1631 923 1708 ἃ
949 1641 1128 1734 post
1160 1633 1437 1735 plures
1475 1633 1967 1712 euocationes
2003 1634 2111 1709 ad
2135 1633 2643 1735 probandum

855 1757 1261 1854 admissis,
1299 1758 1762 1862 attentisque
1790 1759 2103 1837 testium
2138 1757 2643 1862 depositioni-

860 1880 1036 1972 bus,
1090 1883 1157 1960 8·
1183 1883 1817 1962 attestationibus
1855 1894 2017 1961 tam
2056 1894 2293 1987 super
2332 1908 2648 1961 conuer-

854 2005 1160 2084 satione
1181 2067 1200 2097 ,
1249 2009 1315 2084 6·
1363 2031 1695 2106 egressu
1752 2009 2101 2088 eiusdem
2157 2009 2541 2112 defunctae
2598 2010 2647 2082 ὰ

858 2130 1028 2207 loco
1057 2131 1460 2230 originis,
1504 2137 1741 2234 quam
1780 2144 2018 2236 super
2058 2132 2645 2211 examinatione

856 2253 1143 2355 ipsiuS,
1193 2256 1280 2334 in
1327 2257 1751 2360 praesentia
1774 2258 2328 2360 plurim-orum
2360 2256 2644 2359 praela-

857 2387 1157 2470 torum,
1212 2381 1661 2473 doctorum,
1708 2383 1775 2458 ἃ
1806 2381 2293 2484 peritorum,
2344 2382 2409 2456 ἃ
2450 2390 2645 2484 prae-

855 2504 1134 2582 sertim
1189 2507 1847 2584 reuerendissimi
1904 2507 2168 2609 patris
2234 2503 2648 2604 Regnaldi

858 2628 1060 2706 olim
1095 2630 1743 2734 Archiepiscopi,
1783 2631 2187 2708 Remensis
2224 2631 2425 2707 dicti
2463 2639 2647 2708 tunc

857 2753 1221 2856 episcopi,
1260 2753 1764 2833 Beluacensis
1807 2754 2430 2858 metropolitani,
2465 2753 2645 2831 Pic-

860 2879 1073 2954 tauis
1110 2877 1176 2954 6}
1213 2877 1421 2954 alibi
1445 2880 1680 2982 facta
1718 2879 1991 2956 diebus
2032 2878 2365 2974 iteratis,
2408 2902 2645 2980 quam

857 3009 1094 3102 super
1173 3001 1661 3080 admiranda
1744 3003 2213 3080 liberatione
2289 3002 2648 3080 ciuitatis

858 3126 1506 3220 AurelianensiS,
1543 3139 2176 3231 progressuque,
2220 3129 2327 3206 ad
2365 3128 2647 3206 ciuita-

863 3258 1014 3328 tem
1045 3252 1527 3349 Remensem,
1568 3254 1635 3331 8·
1667 3252 2258 3332 coronationem
2291 3253 2641 3353 regiam,

861 3401 1099 3479 quam
1138 3377 1354 3456 circa
1393 3378 2010 3457 circunstantias
2059 3377 2313 3480 ipsius
2343 3389 2649 3482 proces-

860 3526 1034 3593 sus,
1097 3503 1518 3604 qualitates
1589 3504 1986 3599 iudicum,
2050 3506 2118 3582 ἃ
2171 3503 2652 3607 procedendi

864 3627 1188 3704 modum
1246 3654 1271 3703 .·
1338 3629 1703 3731 Visisque
1760 3630 2001 3708 etiam
2054 3629 2252 3708 aliis
2315 3628 2639 3722 litteris,

863 3749 1442 3848 instrumentis,
1481 3755 1547 3830 6·
1590 3754 2102 3831 munimentis
2136 3754 2357 3832 vltra
2395 3752 2649 3829 dictas
