3092 4942
883 568 958 640 26
1215 588 1518 638 IOANNAE
1586 587 1885 634 naucum
1949 587 2328 635 1vn1c1vu.

877 709 1218 790 extorta,
1252 702 1319 778 ἃ
1343 711 1494 804 per
1521 701 1819 780 dictam
1848 703 2305 805 defunctam
2338 701 2671 783 minime

868 825 1223 927 praeuisa
1271 827 1337 902 ἐξ»
1385 826 1775 902 intellecta
1791 853 1817 922 ,·
1870 826 2029 904 Nec
2084 852 2241 904 non
2298 828 2669 932 praefatis

877 951 1372 1042 tractatibus,
1400 951 1466 1026 ἃ
1494 950 2007 1052 opinionibus
2023 952 2550 1054 praelatorum
2580 977 2670 1029 ac

875 1075 1325 1152 solennium
1360 1076 1775 1152 doctorum
1807 1075 1893 1152 in
1926 1075 2105 1152 iure
2134 1076 2420 1153 diuino
2446 1077 2671 1178 pari-

877 1209 998 1276 ter
1039 1201 1106 1276 «9
1142 1202 1488 1277 humano
1520 1201 1939 1303 factorum
1978 1201 2466 1302 peritorum,
2518 1203 2670 1278 cri-

877 1325 1101 1402 mina
1146 1325 1370 1402 dictae
1411 1327 1727 1402 Ioannae
1771 1325 2148 1427 imposita
2185 1325 2271 1401 in
2300 1327 2671 1430 praefatis

866 1451 1276 1556 praetensis
1305 1450 1710 1527 sententiis
1741 1461 2106 1552 expressa
2138 1475 2234 1526 ex
2260 1449 2466 1527 serie
2486 1463 2668 1554 pro-

876 1602 1127 1654 cessus
1188 1601 1346 1653 non
1401 1576 1857 1678 dependere,
1911 1585 2051 1652 aut
2102 1574 2401 1674 colligi
2445 1586 2669 1678 posse

875 1701 1332 1791 dicentium,
1374 1701 1440 1776 6}
1468 1701 1721 1776 multa
1751 1699 2343 1798 elegantissime
2373 1701 2465 1776 de
2494 1701 2667 1776 nul-

877 1827 1100 1906 litate
1129 1827 1194 1902 &2
1225 1818 1633 1903 iniustitia
1667 1825 1751 1901 in
1788 1825 1952 1916 hoc,
1989 1825 2055 1900 ἑὲ
2084 1824 2277 1902 aliis
2307 1825 2667 1902 determi-

873 1951 1268 2049 nantium,
1299 1951 1746 2052 caeterisque
1757 1977 1783 2047 ,·
1808 1950 2199 2047 omnihus,
2222 1951 2287 2026 8·
2304 1950 2668 2049 sing-ulis

875 2075 1321 2172 diligenter
1351 2075 1668 2151 attentis
1698 2100 1866 2177 quae
1899 2074 1984 2151 in
2017 2076 2158 2150 hac
2174 2083 2406 2174 parte
2436 2083 2670 2151 atten-

871 2199 1122 2276 denda
1162 2199 1228 2273 ἃ
1267 2198 1615 2276 videnda
1662 2207 1890 2274 erant
1926 2208 2081 2300 pro
2127 2197 2527 2274 tribunali
2562 2222 2671 2274 se-

873 2325 1152 2418 dentes,
1199 2323 1453 2400 Deum
1495 2322 1756 2399 solum
1788 2331 1952 2422 prae
1987 2323 2241 2400 oculis
2281 2322 2659 2418 hahentes,

863 2460 1011 2550 per
1084 2450 1282 2525 hanc
1355 2458 1712 2525 nostram
1794 2448 2298 2550 difinitiuam
2381 2456 2667 2525 senten-

874 2574 1072 2650 tiam
1121 2581 1276 2674 pro
1341 2574 1741 2650 tribunali
1794 2575 2132 2650 sedentes
2170 2573 2530 2676 ferimus
2579 2573 2667 2649 in

875 2698 999 2774 his
1065 2695 1327 2773 dictis.
1404 2698 1543 2774 DI
1562 2697 1692 2776 CI
1701 2697 1793 2773 M
1816 2697 1997 2792 VS,
2071 2698 2137 2772 ἐξ»
2190 2696 2669 2797 pronuncia-

873 2849 1091 2912 mus,
1150 2823 1682 2918 decernimus,
1741 2824 1807 2899 ἐξ*
1858 2824 2357 2899 declaramus
2418 2822 2667 2898 dictos

863 2957 1273 3048 processus
1341 2947 1406 3022 ἐξ)
1459 2947 1915 3042 sententiaS,
1995 2946 2309 3038 dolum,
2379 2946 2667 3022 calum-

871 3073 1126 3168 niam,
1199 3071 1741 3174 iniquitatem‚
1813 3071 2475 3174 repugnantiam,
2548 3072 2664 3147 iu-

869 3197 1137 3298 risque
1196 3195 1260 3271 &
1295 3196 1517 3300 facti
1568 3222 1922 3272 errorem
1984 3195 2457 3273 continentes
2508 3221 2667 3273 ma-

869 3322 1253 3424 nifestum
1284 3347 1462 3396 cum
1499 3321 2008 3399 abiuratione
2028 3323 2378 3426 praefata
2409 3346 2668 3398 execu-

869 3445 1220 3522 tionibus
1251 3445 1316 3522 6}
1351 3445 1717 3521 omnibus
1749 3445 1931 3521 inde
1958 3445 2331 3547 sequutis,
2352 3445 2570 3548 sore,
2600 3445 2666 3520 ἐξ»

867 3594 1022 3645 esse
1061 3570 1347 3664 nullos,
1397 3569 1832 3658 inualidos,
1880 3570 1945 3644 ἐξ
1990 3568 2425 3663 inualidas,
2474 3566 2665 3644 irri-

869 3703 1007 3790 tas,
1056 3695 1122 3770 6²
1161 3694 1458 3772 inanes
1565 3695 1673 3770 Et
1712 3694 2239 3772 nihilominus
2280 3702 2661 3796 quantum

868 3828 1060 3920 opus
1105 3827 1247 3910 est,
1295 3820 1609 3898 ratione
1655 3820 1993 3910 iubente,
2044 3819 2289 3920 ipsos,
2338 3819 2404 3894 ‹⁶3›
2448 3817 2659 3919 ipsas
