3092 4942
895 553 959 596 12
1223 552 1524 597 IOANNAE
1594 552 1889 598 DARCIAE
1956 553 2331 598 IVDICIVM.

883 665 1058 742 dem
1087 665 1195 744 ad
1223 664 1581 767 ipsorum
1617 674 2004 758 actorum,
2034 667 2431 771 simulque
2441 696 2470 766 ,·
2505 696 2672 749 nos—

884 788 1002 866 tri
1035 790 1532 892 promotoris
1576 815 1675 867 ex
1721 791 2003 896 officio
2058 801 2331 870 nostro
2382 793 2471 872 in
2526 796 2668 873 hac

879 934 1120 988 causa
1151 919 1304 1012 per
1340 934 1483 988 nos
1535 911 1914 1004 instituti,
1968 914 2255 1005 iurati,
2307 915 2375 991 &a
2419 918 2670 994 creati

880 1034 1374 1127 instantiam,
1409 1045 1559 1138 per
1584 1059 1726 1114 nos
1758 1037 2067 1114 decreta
2104 1038 2485 1116 aduersus
2515 1040 2667 1117 dic-

879 1169 995 1240 tos
1035 1184 1213 1238 reos
1253 1160 1625 1259 visuros,·
1672 1161 2149 1265 rescriptum
2197 1163 2459 1264 ipsum
2506 1188 2665 1240 exe-

874 1285 1184 1364 cutioni
1222 1285 1607 1363 mandari
1644 1285 2031 1383 dicturos,
2083 1286 2201 1378 in,
2238 1289 2655 1380 aduersus,

873 1422 1533 1514 responsurosque
1563 1438 1589 1506 ,·
1676 1413 1742 1488 ἃ
1825 1423 2338 1516 processuros
2416 1422 2662 1516 prout

872 1536 1088 1614 ratio
1119 1537 1506 1614 suaderet.
1660 1536 1845 1614 Visa
1873 1537 2253 1641 petitione
2298 1538 2659 1642 ipsorum

872 1670 1271 1752 actorum,
1317 1664 1735 1767 factaque,·
1801 1662 2289 1758 rationibus,
2353 1664 2657 1741 conclu·

867 1787 1228 1864 sionibus
1274 1812 1552 1864 eorum
1607 1787 1694 1863 in
1746 1786 2069 1889 scriptis
2123 1788 2467 1864 redactis
2510 1799 2659 1891 per

853 1913 1225 2014 formam
1258 1911 1792 1988 articulorum
1823 1911 2476 2006 concludentium,
2512 1919 2658 1988 ten·

868 2033 1222 2111 dentium
1253 2035 1360 2110 ad
1385 2034 1823 2125 nullitatis,
1865 2033 2352 2136 iniquitatis,
2388 2035 2454 2109 6³
2481 2034 2658 2111 doli

867 2158 1482 2236 declarationem
1517 2160 1934 2237 cuiusdam
1975 2158 2326 2261 pretensi
2353 2169 2655 2261 proces-

862 2307 997 2358 sus
1046 2281 1134 2358 in
1157 2281 1370 2384 fidei
1407 2283 1747 2360 materia
1792 2282 1992 2360 olim
2036 2292 2311 2361 contra
2356 2284 2650 2360 dictam

862 2407 1319 2510 defunctam
1363 2407 1451 2484 in
1498 2409 1640 2484 hac
1690 2407 2015 2486 ciuitate
2051 2418 2201 2511 per
2244 2409 2653 2510 defunctos

860 2530 1298 2608 Dominum
1346 2532 1677 2609 Petrum
1734 2532 2103 2610 Canchon
2142 2539 2322 2607 tunc
2364 2530 2648 2607 Belua-

863 2679 1156 2731 censem
1227 2654 1677 2757 episcopum
1703 2714 1721 2746 ,
1804 2655 2175 2731 Ioannem
2250 2652 2653 2752 Magistri

858 2778 1564 2880 subinquisitorem
1589 2788 2039 2881 pretensum
2070 2778 2159 2855 in
2186 2778 2450 2855 eadem
2480 2776 2648 2856 dio-

860 2902 1038 2994 cesi,
1076 2904 1141 2978 &
1166 2902 1538 2981 Ioannem
1574 2905 1665 2980 de
1693 2903 2051 2980 Estineto
2070 2910 2638 3005 promotorem,

857 3036 997 3105 aut
1037 3037 1194 3129 pro
1230 3037 1691 3129 promotore
1748 3027 2038 3105 ibidem
2081 3051 2163 3102 se
2207 3034 2637 3126 gerentem,

841 3151 1062 3256 facti
1099 3152 1164 3228 8²
1201 3153 1649 3229 executioni
1689 3152 2180 3242 demandati,
2222 3151 2499 3230 saltem
2540 3152 2645 3227 ad

854 3276 1202 3354 eiusdem
1249 3278 1801 3370 cassationem,
1865 3279 1931 3353 ἐξ
1968 3277 2636 3367 adnullationem,

855 3403 1482 3494 adiurationem,
1528 3403 2279 3504 sententiarumque;
2338 3426 2426 3478 ac
2483 3425 2639 3477 om·-

853 3527 1083 3603 nium
1131 3527 1312 3604 inde
1357 3538 1841 3619 secutorum,
1894 3528 1962 3604 ἃ
2007 3529 2113 3604 ad
2156 3526 2473 3627 eiusque
2520 3527 2640 3600 de-

837 3651 1142 3754 functae
1210 3653 1878 3756 expurgationem
1905 3712 1921 3742 ,
2004 3653 2072 3728 <²3³
2146 3650 2356 3753 fines
2431 3649 2638 3726 alios

856 3775 1150 3855 ibidem
1195 3787 1597 3884 expressos
1646 3802 1671 3855 .·
1715 3777 1926 3856 Visis
1970 3801 2271 3881 quoque
2308 3773 2629 3877 saepius,
