3092 4942
1012 1027 1815 1136 IOANNAE
1955 1025 2785 1148 DARCIAE,

1075 1245 1835 1314 OBSIDONIS
1913 1245 2733 1311 AVRELIANAE

1499 1417 1889 1497 liberatricis,
1932 1435 2035 1483 res
2076 1429 2298 1502 gestae.

1040 1752 1263 1807 1-
1308 1705 1605 1786 NNO
1740 1704 2180 1784 CHRIS
2214 1704 2351 1781 TI
2494 1703 2787 1804 1428.

1032 1878 1261 1893 a
1308 1825 1355 1901 I
1379 1821 1445 1901 0
1475 1823 1546 1900 A
1578 1821 1668 1899 N
1685 1821 1775 1899 N
1794 1821 1865 1898 A
1936 1819 2010 1896 D
2040 1820 2112 1897 A
2145 1819 2217 1896 R
2253 1818 2319 1897 C
2348 1819 2395 1895 I
2418 1819 2490 1896 A
2562 1819 2793 1896 Lota-

1309 1939 1569 2037 ringa
1610 1936 1886 2039 puella
1910 1995 1945 2036 ,ο
1988 1960 2285 2012 xv111.
2352 1957 2603 2032 agens
2657 1958 2792 2010 an-

1005 2089 1237 2160 num,
1301 2061 1713 2141 admonita
1766 2059 2207 2154 diuinitus,
2260 2059 2793 2158 Biturigibus

1011 2187 1590 2269 CAROLVM
1668 2185 1857 2264 VII.
1908 2185 2237 2280 salutat,
2309 2185 2569 2286 eique;
2624 2184 2791 2284 pol-

1006 2313 1293 2389 licetur
1351 2337 1432 2388 se
1490 2309 1826 2409 Anglos
1879 2305 2241 2386 Francia
2299 2314 2785 2383 exacturam.

1001 2433 1222 2532 Regi
1247 2431 1615 2524 miranti,
1644 2456 1882 2532 usque
1907 2429 2049 2532 qui
2078 2432 2126 2506 ὰ
2156 2428 2507 2506 consilus
2534 2434 2783 2522 erant,

1000 2585 1128 2636 res
1180 2584 1337 2636 non
1382 2559 1708 2636 videtur
1754 2558 2292 2661 aspernanda,·
2343 2555 2579 2658 idque
2614 2562 2793 2658 post

1000 2710 1098 2761 ex
1158 2683 1421 2761 animi
1475 2683 1841 2760 successit
1901 2691 2310 2760 sententia.
2435 2681 2789 2758 ,Armata

998 2810 1083 2886 A
1112 2808 1509 2886 VRELI
1518 2808 1700 2886 AN
1722 2807 1799 2884 U
1808 2807 1902 2885 M
1953 2807 2222 2902 missa,
2289 2805 2407 2882 sio
2460 2803 2790 2882 obsessis

1003 2933 1297 3036 adfuit,
1333 2941 1420 3011 vt
1452 2932 1831 3035 oppidum
1872 2933 2117 3011 hostis
2158 2932 2565 3009 obsidione
2604 2929 2787 3006 libe-

999 3083 1190 3136 rare
1219 3067 1529 3135 coactus
1564 3059 1673 3135 sit
1710 3059 1817 3136 ad
1840 3084 2075 3136 v111.
2109 3058 2228 3134 Id.
2262 3057 2472 3160 May.
2602 3054 2792 3131 Rhe-

999 3208 1171 3260 mos
1251 3207 1530 3282 regem
1609 3184 2279 3282 inaugurandum
2364 3181 2781 3274 comitata,

1002 3308 1294 3384 multas
1325 3308 1412 3384 in
1443 3307 1730 3385 iti-nere
1758 3307 2025 3386 vrbeis
2052 3305 2365 3409 recepit.
2420 3304 2790 3406 Sequente

999 3457 1248 3528 ann0,
1306 3434 1394 3511 in
1436 3431 2032 3536 oppugnatione
2068 3430 2396 3510 Lutetiae
2432 3433 2468 3529 (
2488 3455 2654 3532 quae
2701 3428 2787 3505 in

995 3558 1480 3657 Anglorum
1534 3567 1909 3662 potestate
1962 3563 2189 3658 erat)
2248 3560 2379 3635 ad.
2428 3557 2530 3634 D.
2581 3554 2666 3632 H
2686 3555 2786 3634 0-

995 3682 1084 3760 N
1101 3683 1349 3762 ORA
1381 3685 1509 3761 TI
1564 3694 1887 3788 portam
1952 3685 2053 3762 ab
2130 3682 2552 3788 oppidanis
2608 3681 2784 3760 vul-

994 3817 1351 3886 neratur.
1459 3809 2033 3912 Compendium
2059 3809 2154 3888 vi
2185 3808 2574 3887 obsessum
2609 3813 2787 3883 astu
