3092 4942
991 597 1070 700 ‘34
1331 633 1637 682 mmmm
1702 633 2001 682 nutem:
2068 629 2448 683 1vn101nu.

989 763 1140 832 tem
1177 778 1318 832 rea
1354 753 1609 846 venit,
1644 756 1695 832 ὰ
1732 739 2017 856 quibus
2058 755 2473 846 damnata,
2508 743 2780 856 pridie

995 878 1320 958 Calend.
1372 877 1602 957 Iunii
1644 877 1755 955 M.
1790 903 1979 956 cccc.
2025 903 2230 958 xxx.
2287 878 2781 979 Rothomagi

982 1003 1378 1107 supplicio
1424 1001 1819 1108 afficitur,
1872 1028 2030 1082 non
2074 1003 2247 1081 sine
2291 1003 2575 1082 intenti
2614 1012 2781 1082 tum

983 1128 1469 1229 Anglorum
1530 1127 1848 1225 solatio,
1916 1137 2181 1232 atque‚·
2250 1130 2444 1207 adeo
2500 1128 2774 1207 exiti0.

983 1253 1291 1354 Neque‚·
1330 1251 1543 1329 enim
1580 1260 1760 1354 post
1803 1260 1967 1330 tam
2008 1251 2375 1354 iniquum
2418 1251 2512 1328 de
2560 1249 2778 1328 inno-

986 1376 1190 1454 centi
1226 1376 1480 1479 capite
1515 1376 1939 1472 iudicium,
1986 1402 2113 1454 res
2151 1377 2329 1454 illis
2368 1376 2457 1454 in
2500 1373 2778 1452 Gallia

983 1528 1083 1581 ex
1126 1502 1390 1581 animi
1439 1502 1825 1581 sententia
1867 1527 2331 1601 successere,
2377 1501 2778 1605 paulatim

986 1628 1332 1728 agitati,
1382 1629 1781 1724 diuexati‚
1838 1630 2151 1708 tandem
2198 1629 2441 1706 etiam
2483 1627 2778 1707 nostris

981 1753 1283 1854 finibus
1320 1754 1609 1852 exacti,
1654 1754 1740 1831 in
1780 1779 2013 1832 suam
2051 1754 2471 1855 regionem
2510 1755 2775 1832 crude-

985 1878 1245 1956 litatis
1282 1889 1601 1983 poenam
1652 1880 1982 1972 luentes,
2036 1905 2491 1959 concessere.
2616 1880 2778 1957 Nec

986 2004 1290 2081 leuiore
1322 2004 1479 2080 Dei
1507 2004 1874 2083 vindicta
1911 2030 2088 2082 cum
2132 2003 2239 2082 iis
2276 2005 2419 2106 qui
2450 2002 2768 2099 conscii,

986 2129 1052 2204 ἃ
1104 2136 1464 2206 auctores
1513 2139 1676 2207 tam
1725 2129 2020 2232 iniquae
2067 2131 2461 2208 sententiae
2511 2139 2775 2233 super-

967 2254 1339 2358 fuerant,
1374 2263 1637 2331 actum
1667 2233 1805 2346 est,
1836 2255 1979 2356 qui
2017 2255 2475 2332 miserando
2514 2278 2777 2331 omnes

981 2379 1170 2457 vitae
1219 2379 1441 2455 exitu
1483 2378 1726 2456 etiam
1763 2379 2112 2458 Lodoico
2154 2380 2283 2458 XI
2285 2441 2301 2456 .
2347 2386 2771 2479 regnante,

984 2502 1454 2582 ceciderunt.
1568 2503 1745 2605 Qua
1797 2504 1890 2580 de
1940 2528 2029 2579 re
2069 2511 2340 2582 extant
2384 2504 2452 2580 ἃ
2501 2503 2590 2580 1ιί
2637 2503 2775 2580 ele-

981 2631 1299 2728 gantes,
1349 2628 1627 2730 patrio
1682 2631 1731 2706 ὰ
1791 2627 2018 2706 nobis
2066 2653 2423 2707 sermone
2473 2627 2776 2706 redditi

997 2753 1385 2832 Valerani
1419 2778 1724 2832 versus.

993 3065 1018 3098 2
1048 3039 1186 3104 Nec
1213 3041 1433 3124 superi
1458 3043 1721 3104 voluere
1756 3041 1946 3122 ignes
1976 3041 2231 3125 impune
2258 3041 2537 3106 relictos.

993 3177 1018 3206 ι
1050 3150 1340 3212 Medeius
1367 3149 1429 3212 si
1455 3150 1709 3232 quidem
1740 3152 1944 3235 longo
1976 3169 2262 3214 sermone
2277 3152 2595 3234 profatus

991 3283 1018 3313 ι
1050 3257 1319 3319 Astruit
1345 3275 1477 3320 esse
1505 3259 1709 3321 scelus
1722 3257 2034 3341 flammis,
2064 3257 2119 3320 8
2146 3263 2349 3320 morte
2367 3257 2718 3340 piandum3

991 3389 1018 3419 ι
1049 3363 1384 3444 Multaque
1411 3363 1731 3427 adulandi
1756 3364 1974 3428 studio
2002 3364 2344 3448 confingit,
2373 3369 2445 3426 vt
2470 3363 2736 3448 ,Anglos

991 3498 1016 3527 ι
1053 3470 1166 3535 Sic
1191 3471 1320 3534 sibi
1347 3471 1639 3535 conciliet
1668 3494 1690 3533 .·
1727 3471 1861 3536 Sed
1878 3472 2109 3556 paucis
2140 3472 2289 3538 inde
2317 3471 2573 3547 diebus,

991 3605 1016 3634 ι
1052 3578 1307 3662 Corpus
1336 3579 1600 3662 tabifico
1633 3578 2043 3663 respergitur
2068 3581 2275 3642 vlcere
2304 3581 2513 3663 leprae.

991 3709 1016 3742 ι
1047 3686 1241 3748 Alter
1272 3687 1342 3749 in
1369 3687 1694 3750 immundo
1722 3687 2053 3749 reuolutus
2081 3691 2382 3764 stercore,
2412 3686 2613 3749 vitam

991 3819 1016 3848 ι
1047 3792 1262 3856 Finiit
1291 3816 1314 3856 .-
1342 3798 1666 3877 arguerat
1682 3793 2057 3876 plerumque
2084 3793 2155 3856 in
2181 3811 2434 3856 carcere
2446 3791 2600 3877 ficti

989 3923 1014 3956 ι
1049 3899 1360 3964 Criminis
1388 3900 1699 3963 insontem
1721 3898 2023 3981 pendenti
2052 3899 2163 3963 lite
2180 3901 2483 3982 puellam.
