3092 4942
874 533 944 596 14
1199 530 1500 576 IOANNAE
1570 529 1865 576 DARCIAE
1932 527 2309 572 IVDICIVM.

856 644 1246 747 perlectis,
1294 645 1360 720 ἃ
1399 643 1882 723 examinatis
1927 641 2167 719 libris
2204 638 2649 740 originali—

865 771 1034 860 bus,
1091 768 1681 860 instrumentis,
1732 765 2277 862 munimentis,
2334 767 2401 844 6»
2454 765 2652 844 actis

865 895 1202 991 notulis,
1249 895 1318 970 6}
1346 894 1789 996 protocolis
1821 904 2235 997 processus
2274 889 2655 968 antedicti

866 1018 1092 1096 nobis
1114 1018 1202 1096 in
1227 1018 1400 1096 vim
1431 1026 1895 1098 nostrarum
1923 1015 2654 1119 complusoriarum

866 1144 1297 1220 literarum
1336 1147 1384 1219 ὰ
1428 1143 1817 1233 notariis,
1852 1143 1918 1217 E}
1953 1141 2149 1218 aliis
2188 1141 2546 1236 traditis,
2588 1139 2657 1216 ἃ

866 1268 1218 1366 ostensis,
1252 1268 1675 1370 signisque
1687 1294 1716 1364 ,·
1737 1267 1803 1344 6}
1820 1266 2249 1370 scripturis
2270 1291 2546 1344 eorum
2568 1265 2655 1342 in

856 1392 1280 1497 praesentia
1350 1401 1621 1470 nostra
1694 1390 2182 1491 recognitis,
2253 1392 2655 1492 longaque

865 1527 1100 1620 super
1146 1516 1259 1594 eis
1307 1542 1485 1594 cum
1545 1514 1783 1592 dictis
1830 1515 2178 1593 notariis
2231 1517 2296 1591 ἃ
2341 1513 2654 1618 officia-

866 1641 1026 1717 riis
1057 1640 1142 1718 in
1177 1640 1388 1720 dicto
1409 1651 1784 1744 processu
1809 1640 2275 1736 constitutiS,
2314 1640 2381 1716 o
2408 1639 2656 1718 consi-

871 1763 1150 1842 liariis
1222 1763 1328 1842 ad
1395 1763 1694 1842 dictum
1752 1774 2205 1867 processum
2271 1765 2653 1866 euocatis,

869 1916 1209 1994 quorum
1273 1889 1781 1994 praesentiam
1858 1891 2136 1968 habere
2196 1891 2652 1994 potuimus,

871 2013 1606 2108 communicatione,
1648 2013 2190 2116 ipsorumque;
2224 2015 2649 2111 librorum,

871 2141 937 2218 ἐξ·
977 2149 1353 2217 notarum
1392 2139 2045 2218 abbreuiatarum
2093 2142 2549 2233 collatione,
2594 2143 2661 2220 6»

871 2264 1458 2365 comparatione
1503 2263 1994 2366 praehahitis.
2149 2264 2362 2342 Visis
2416 2265 2659 2342 etiam

871 2387 1589 2493 informationibus
1636 2388 2252 2491 praeparatoriis
2302 2397 2464 2466 tam
2512 2399 2663 2492 per

870 2511 1624 2589 reuerendissimum
1666 2512 1752 2588 in
1788 2511 2109 2591 Christo
2146 2522 2459 2614 patrem
2502 2511 2661 2590 Gu-

873 2635 1234 2714 lielmum
1287 2635 1512 2714 tituli
1559 2634 1814 2712 sancti
1850 2635 2197 2712 Martini
2245 2636 2331 2712 in
2376 2637 2661 2715 monti-

872 2763 1014 2839 bus
1026 2762 1568 2864 presbyterum
1600 2760 2117 2839 Cardinalem
2144 2772 2426 2839 sanctae
2451 2762 2663 2838 sedis

871 2885 1332 2987 ,Apostolice
1380 2886 1466 2962 in
1510 2910 1770 2984 regno
1811 2885 2179 2962 Franciae
2222 2894 2402 2962 tunc
2442 2886 2662 2984 lega-

874 3018 1064 3103 tum,
1102 3019 1379 3086 vocato
1407 3035 1665 3085 secum
1709 3009 1933 3085 nobis
1979 3009 2452 3111 inquisitore
2485 3018 2665 3112 post

873 3131 1419 3210 visitationem
1463 3134 1917 3210 eorumdem
1959 3133 2390 3229 librorum,
2438 3135 2505 3210 ἃ
2546 3135 2660 3212 in-

873 3265 1500 3333 strumentorum
1586 3257 1878 3334 eisdem
1956 3264 2612 3359 praesentatorum
2640 3316 2658 3344 ‚

878 3383 1113 3482 quam
1179 3379 1419 3458 etiam
1478 3391 1627 3483 per
1695 3405 1875 3475 n08,
1950 3381 2017 3458 63»
2070 3380 2665 3458 commissarios

877 3512 1189 3581 nostros
1236 3503 1324 3580 in
1373 3504 1837 3582 huiusmodi
1868 3495 2280 3606 processus
2330 3503 2665 3582 exordio

880 3629 1279 3733 confectis.
1371 3630 1744 3733 Inspectis
1773 3629 2021 3707 esiam
2050 3631 2119 3706 ἃ
2145 3629 2667 3710 consideratis

877 3752 1144 3832 variis
1173 3754 1639 3834 tractatibus
1661 3753 2207 3857 praelatorum,
2253 3755 2663 3831 doctorum
